@online{acacal,
    author    = "Faculty of Art and Science, University of Toronto",
    title     = "“Academic Calendar.” 2023-24 Academic Calendar | Academic Calendar",
    url       = "https://www.artsci.utoronto.ca/current/dates-deadlines/academic-dates",
    keywords  = "latex"
}
 
@online{crseva,
    author    = "Victor Tao",
    title     = "Course Evaluations",
    url       = "https://platers.github.io/course-evals/",
    keywords  = "latex"
}